@misc{gcharts,
  author =       {Google},
  howpublished = {Google},
  title =        {Google Charts: Interactive charts for browsers and mobile devices},
  month =        {May},
  day =          24,
  year =         2020,
  note =         {Retrieved May 24, 2020 from
                  \urrl{https://developers.google.com/chart}},
}

@misc{hcharts,
  author =       {Docker, Tim},
  howpublished = {Haskell Hackage},
  title =        {Chart: A library for generating 2D Charts and Plots},
  month =        {February},
  day =          10,
  year =         2020,
  note =         {Retrieved December 9, 2020 from
                  \urrl{https://hackage.haskell.org/package/Chart}},
}
@misc{svg,
  author =       {Erik Dahlstr√∂m and  Patrick Dengler and  Anthony Grasso and  Chris Lilley and  Cameron McCormack and  Doug Schepers and  Jonathan Watt},
  howpublished = {{W3C} Recommendation},
  title =        {Scalable Vector Graphics (SVG) 1.1 (Second Edition)},
  month =        {Aug},
  day =          16,
  year =         2011,
  note =         {Retrieved May 24, 2020 from
                  \urrl{http://www.w3.org/TR/2011/REC-SVG11-20110816/}},
}
@misc{mvu,
  author =       {Evan Czaplicki},
  title =        {A Farewell to {FRP}: Making signals unnecessary with {T}he {E}lm {A}rchitecture},
  month =        {May},
  day =          10,
  year =         2016,
  note =         {Retrieved May 24, 2020 from
                  \urrl{https://elm-lang.org/news/farewell-to-frp}},
}
@misc{youdraw,
  author =       {Aisch, Gregor and Cox, Amanda and Quealy, Kevin},
  howpublished = {New York Times},
  title =        {You draw it: How family income predicts children's college chances},
  month =        {May},
  day =          28,
  year =         2015,
  note =         {Retrieved May 24, 2020 from\\ \urrl{https://www.nytimes.com/interactive/2015/05/28/upshot/you-draw-it-how-family-income-affects-childrens-college-chances.html}},
}
@book{ggplot2,
  title={ggplot2: {E}legant graphics for data analysis},
  author={Wickham, Hadley},
  year={2016},
  isbn={978-3-319-24275-0},
  publisher={Springer}
}
@misc{seaborn,
  title={Seaborn: statistical data visualization},
  author={Waskom, Michael and Botvinnik, Olga and Hobson, P and Warmenhoven, J and Cole, JB and Halchenko, Y and Vanderplas, J and Hoyer, S and Villalba, S and Quintero, E},
  year={2014},
  note = {Retrieved May 24, 2020 from \urrl{https://seaborn.pydata.org/}},
}
@book{grammar,
  title={The grammar of graphics},
  author={Wilkinson, Leland},
  isbn={978-1-4757-3100-2},
  year={1999},
  doi={10.1007/978-1-4757-3100-2},
  publisher={Springer-Verlag New York}
}
@article{layered,
  title={A layered grammar of graphics},
  author={Wickham, Hadley},
  journal={Journal of Computational and Graphical Statistics},
  volume={19},
  number={1},
  pages={3--28},
  year={2010},
  publisher={Taylor \& Francis}
}
@article{vega-lite,
  title={Vega-lite: A grammar of interactive graphics},
  author={Satyanarayan, Arvind and Moritz, Dominik and Wongsuphasawat, Kanit and Heer, Jeffrey},
  journal={{IEEE} transactions on visualization and computer graphics},
  volume={23},
  number={1},
  pages={341--350},
  year={2016},
  publisher={IEEE}
}
@article{vega,
  title={Reactive {V}ega: A streaming dataflow architecture for declarative interactive visualization},
  author={Satyanarayan, Arvind and Russell, Ryan and Hoffswell, Jane and Heer, Jeffrey},
  journal={{IEEE} transactions on visualization and computer graphics},
  volume={22},
  number={1},
  pages={659--668},
  year={2015},
  publisher={IEEE}
}
@article{d3,
  title={D$^3$ data-driven documents},
  author={Bostock, Michael and Ogievetsky, Vadim and Heer, Jeffrey},
  journal={{IEEE} {T}ransactions on visualization and computer graphics},
  volume={17},
  number={12},
  pages={2301--2309},
  year={2011},
  publisher={IEEE}
}
@article{polaris,
  title={Polaris: A system for query, analysis, and visualization of multidimensional relational databases},
  author={Stolte, Chris and Tang, Diane and Hanrahan, Pat},
  journal={{IEEE} Transactions on Visualization and Computer Graphics},
  volume={8},
  number={1},
  pages={52--65},
  year={2002},
  publisher={IEEE}
}
@misc{elm,
  author       = {Czaplicki, Evan},
  title        = {Elm: Concurrent {FRP} for functional {GUI}s},
  howpublished = {Senior thesis, Harvard University. Available at \urrl{https://elm-lang.org/assets/papers/concurrent-frp.pdf}},
  year         = 2012
}
@inproceedings{units,
  title={Types for units-of-measure: Theory and practice},
  author={Kennedy, Andrew},
  booktitle={Central European Functional Programming School},
  pages={268--305},
  year={2009},
  organization={Springer}
}

@inproceedings{monoids,
  author    = {Brent A. Yorgey},
  editor    = {Janis Voigtl{\"{a}}nder},
  title     = {Monoids: theme and variations \emph{(functional pearl)}},
  booktitle = {Proceedings of the 5th {ACM} {SIGPLAN} Symposium on Haskell, Haskell
               2012, Copenhagen, Denmark, 13 September 2012},
  pages     = {105--116},
  publisher = {{ACM}},
  year      = {2012},
  doi       = {10.1145/2364506.2364520},
}

@incollection{fun,
  title={Functional images},
  author={Elliott, Conal},
  chapter=7,
  booktitle={The Fun of Programming},
  editor={Gibbons, Jeremy and de Moor, Oege},
  publisher={Palgrave},
  year={2003}
}

@article{circos,
  title={Circos: an information aesthetic for comparative genomics},
  author={Krzywinski, Martin and Schein, Jacqueline and Birol, Inanc and Connors, Joseph and Gascoyne, Randy and Horsman, Doug and Jones, Steven J and Marra, Marco A},
  journal={Genome research},
  volume={19},
  number={9},
  pages={1639--1645},
  year={2009},
  publisher={Cold Spring Harbor Lab}
}
