@misc{howstatslost,
  author =       {William Davies},
  howpublished = {The Guardian},
  title =        { How statistics lost their power - and why we should fear what comes next },
  month =        {Jan},
  day =          19,
  year =         2017,
  note =         {Retrieved March 6, 2020 from
                  \url{https://www.theguardian.com/politics/2017/jan/19/crisis-of-statistics-big-data-democracy}},
}
@book{ddj,
  title={The data journalism handbook: how journalists can use data to improve the news},
  author={Gray, Jonathan and Chambers, Lucy and Bounegru, Liliana},
  year={2012},
  publisher={O'Reilly},
  __publisher={O'Reilly Media, Inc.}
}
@inproceedings{idyll,
  author    = {Matthew Conlen and
               Jeffrey Heer},
  __editor    = {Patrick Baudisch and
               Albrecht Schmidt and
               Andy Wilson},
  title     = {Idyll: {A} Markup Language for Authoring and Publishing Interactive
               Articles on the Web},
  booktitle = {The 31st Annual {ACM} Symposium on User Interface Software and Technology, {UIST} '18},
  __booktitle = {The 31st Annual {ACM} Symposium on User Interface Software and Technology, {UIST} 2018, Berlin, Germany, October 14-17, 2018},
  pages     = {977--989},
  publisher = {{ACM}},
  year      = {2018},
  url       = {https://doi.org/10.1145/3242587.3242600},
  doi       = {10.1145/3242587.3242600},
  timestamp = {Wed, 21 Nov 2018 12:44:17 +0100},
  biburl    = {https://dblp.org/rec/conf/uist/ConlenH18.bib},
  bibsource = {dblp computer science bibliography, https://dblp.org}
}
@book{edcj17,
	author = {Bahareh R. Heravi and et al.},
	title = {Proceedings of the European Data and Computational Journalism Conference},
	year = {2017},
  isbn = {9781910963159},
  publisher = {University College Dublin}
}
@book{edcj18,
	title = {Proceedings of the 2nd {EDCJC} Conference},
  __title = {Proceedings of the 2nd European Data and Computational Journalism Conference},
  editor = {Heravi, Bahareh R. and Chorley, Martin and Mottershead, Glyn},
	year = {2018},
  isbn = {978-1-910963-23-4},
  publisher = {University College Dublin}
}
@article{future,
author = { Bob  Franklin },
title = {The Future of Journalism},
journal = {Journalism Studies},
volume = {13},
number = {5-6},
pages = {663-681},
year  = {2012},
publisher = {Routledge},
doi = {10.1080/1461670X.2012.712301},
}
@inproceedings{transparency,
  title={Transparency in Journalism. Credibility and trustworthiness in the digital future},
  author={Meier, Klaus},
  booktitle={Actas II Congreso The Future of Journalism},
  year={2009}
}
@inproceedings{comments,
  title={Reader comments to online opinion journalism: A space of public deliberation},
  author={Manosevitch, Edith and Walker, Dana},
  booktitle={International Symposium on Online Journalism},
  volume={10},
  pages={1--30},
  year={2009}
}
@article{citizen,
  title={Blogs, Twitter, and breaking news: The produsage of citizen journalism},
  author={Bruns, Axel and Highfield, Tim and Lind, Rebecca Ann},
  journal={Produsing theory in a digital world: The intersection of audiences and production in contemporary theory},
  volume={80},
  number={2012},
  pages={15--32},
  year={2012},
  publisher={Peter lang New York}
}
@online{ftnotebooks,
author ={David Blood},
year = {2018},
title ={Recycling is broken -- notebooks},
url ={https://github.com/ft-interactive/recycling-is-broken-notebooks},
month ={11},
urldate={2019-02-01},
}
@Misc{youdraw,
  author =       {Larry Buchanan, Haeyoun Park and Adam Pearce },
  howpublished = {New York Times},
  title =        {You Draw It: What Got Better or Worse During Obama’s Presidency},
  month =        {Jan},
  day =          15,
  year =         2017,
  note =         {Retrieved March 3, 2020 from
                  \url{https://www.nytimes.com/interactive/2017/01/15/us/politics/you-draw-obama-legacy.html}},
}
@inproceedings{learning,
    author={Sarkar, Advait and Gordon, Andrew Donald},
    booktitle={{Proceedings of the 29th Annual Conference of the Psychology of Programming Interest Group (PPIG 2018)}},
    title={How do people learn to use spreadsheets? (Work in progress)},
    month=sep,
    year={2018},
    pages={28--35}
}
@inproceedings{assistants,
author = {Kaiser, G. E. and Feiler, P. H.},
title = {An Architecture for Intelligent Assistance in Software Development},
year = {1987},
isbn = {0897912160},
publisher = {IEEE Computer Society Press},
address = {Washington, DC, USA},
booktitle = {Proceedings of the 9th International Conference on Software Engineering},
pages = {180–188},
numpages = {9},
location = {Monterey, California, USA},
series = {ICSE ’87}
}
@inproceedings{inforich,
 author = {Syme, Don and Battocchi, Keith and Takeda, Kenji and Malayeri, Donna and Petricek, Tomas},
 title = {Themes in Information-rich Functional Programming for Internet-scale Data Sources},
 booktitle = {Proceedings of Workshop on Data Driven Functional Programming},
 __series = {DDFP '13},
 year = {2013},
 isbn = {978-1-4503-1871-6},
 __location = {Rome, Italy},
 pages = {1--4},
 numpages = {4},
 doi = {10.1145/2429376.2429378},
 acmid = {2429378},
 publisher = {ACM},
 keywords = {F\#, LINQ, connected programming, data services, freebase, functional programming, ontology, semantic web},
}
@inproceedings{dotdriven,
  title={Data exploration through dot-driven development},
  author={Petricek, Tomas},
  booktitle={31st European Conference on Object-Oriented Programming},
  year={2017},
  __organization={Schloss Dagstuhl-Leibniz-Zentrum fuer Informatik}
}
@inproceedings{fsdata,
 author = {Petricek, Tomas and Guerra, Gustavo and Syme, Don},
 title = {Types from Data: Making Structured Data First-class Citizens in {F\#}},
 booktitle = {Proceedings of Conference on Programming Language Design and Implementation},
 series = {PLDI '16},
 year = {2016},
 isbn = {978-1-4503-4261-2},
 location = {Santa Barbara, CA, USA},
 pages = {477--490},
 numpages = {14},
 doi = {10.1145/2908080.2908115},
 acmid = {2908115},
 publisher = {ACM},
 keywords = {F\#, Inference, JSON, Type Providers, XML},
}
@article{livenut,
  author    = {Cyrus Omar and
               Ian Voysey and
               Ravi Chugh and
               Matthew A. Hammer},
  title     = {Live Functional Programming with Typed Holes},
  journal   = {{PACMPL}},
  volume    = {3},
  number    = {{POPL}},
  _pages     = {14:1--14:28},
  year      = {2019},
  __doi       = {10.1145/3291622},
}

@book{structure-based,
  title={Structure-based editors and environments},
  author={Szwillus, Gerd and Neal, Lisa},
  year={1996},
  isbn={978-0126818901},
  publisher={Academic Press, Inc.}
}
@online{lamdu,
  title={Lamdu Project},
  author={Lotem, Eyal and Chuchem, Yair},
  url={https://github.com/lamdu/lamdu},
  urldate={2020-01-31},
  year={2018}
}

@book{panama,
  title={The Panama Papers: Breaking the story of how the rich and powerful hide their money},
  author={Obermayer, Bastian and Obermaier, Frederik},
  year={2016},
  __publisher={Oneworld Publications},
  publisher={Oneworld}
}
@inproceedings{evaluating,
  author    = {Dan R. Olsen Jr.},
  __editor    = {Chia Shen and
               Robert J. K. Jacob and
               Ravin Balakrishnan},
  title     = {Evaluating user interface systems research},
  booktitle = {Proceedings of the 20th Annual {ACM} Symposium on User Interface Software and Technology, {UIST} '07},
  __booktitle = {Proceedings of the 20th Annual {ACM} Symposium on User Interface Software and Technology, Newport, Rhode Island, USA, October 7-10, 2007},
  pages     = {251--258},
  publisher = {{ACM}},
  year      = {2007},
  url       = {https://doi.org/10.1145/1294211.1294256},
  doi       = {10.1145/1294211.1294256},
  timestamp = {Tue, 06 Nov 2018 16:58:06 +0100},
  biburl    = {https://dblp.org/rec/conf/uist/Olsen07.bib},
  bibsource = {dblp computer science bibliography, https://dblp.org}
}
@article{review,
  title={Exploratory and Live, Programming and Coding},
  author={Rein, Patrick and Ramson, Stefan and Lincke, Jens and Hirschfeld, Robert and Pape, Tobias},
  doi={10.22152/programming-journal.org/2019/3/1},
  journal={The Art, Science, and Engineering of Programming},
  volume={3},
  year={2019},
  number={1}
}

@article{subtext,
  title={Subtext: uncovering the simplicity of programming},
  author={Edwards, Jonathan},
  _doi={10.1145/1103845.1094851},
  journal={ACM SIGPLAN Notices},
  volume={40},
  number={10},
  pages={505--518},
  year={2005},
  publisher={ACM}
}
@ARTICLE{control,
author={Joseph M. Hellerstein and Ron Avnur and Andy Chou and Christian Hidber and Chris Olston and Vijayshankar Raman and Tali Roth and Peter J. Haas},
journal={Computer},
title={Interactive data analysis: the Control project},
year={1999},
volume={32},
number={8},
pages={51-59},
doi={10.1109/2.781635},
ISSN={0018-9162},
month={8},}

@inproceedings{wrangler,
 author = {Kandel, Sean and Paepcke, Andreas and Hellerstein, Joseph and Heer, Jeffrey},
 title = {Wrangler: Interactive Visual Specification of Data Transformation Scripts},
 __editor = {Tan, Desney and Fitzpatrick, Geraldine and Gutwin, Carl and Begole, Bo and Kellogg, Wendy},
 booktitle = {Proceedings of the SIGCHI Conference on Human Factors in Computing Systems},
 __series = {CHI '11},
 year = {2011},
 isbn = {978-1-4503-0228-9},
 __location = {Vancouver, BC, Canada},
 pages = {3363--3372},
 numpages = {10},
 __doi = {10.1145/1978942.1979444},
 acmid = {1979444},
 publisher = {ACM},
}
@inproceedings{jupyter,
  title={Jupyter Notebooks-a publishing format for reproducible computational workflows},
  author={Kluyver, Thomas and Ragan-Kelley, Benjamin and P{\'e}rez, Fernando and Granger, Brian E and Bussonnier, Matthias and Frederic, Jonathan and Kelley, Kyle and Hamrick, Jessica B and Grout, Jason and Corlay, Sylvain and others},
  editor={Loizides, Fernando and Schmidt, Birgit},
  booktitle={20th International Conference on Electronic Publishing},
  doi={10.3233/978-1-61499-649-1-87},
  pages={87--90},
  year={2016}
}
@online{iraq,
  title={Iraq war logs},
  __title={Iraq war logs: secret files show how US ignored torture},
  author={Davies, Nick and Steele, Jonathan and Leigh, David},
  url={https://www.theguardian.com/world/2010/oct/22/iraq-war-logs-military-leaks},
  year={2010},
  urldate={2020-09-10}
}
@online{principle,
  title={Inventing on Principle},
  author={Victor, Bret},
  url={http://worrydream.com/InventingOnPrinciple},
  year={2012},
  urldate={2020-01-31}
}
@online{directprog,
author ={Jonathan Edwards},
year = {2018},
title ={Direct Programming},
url ={https://vimeo.com/274771188},
month ={6},
urldate={2019-02-09},
}
@article{vizdom,
 author = {Crotty, Andrew and Galakatos, Alex and Zgraggen, Emanuel and Binnig, Carsten and Kraska, Tim},
 title = {Vizdom: Interactive Analytics Through Pen and Touch},
 journal = {Proceedings of the VLDB Endownment},
 issue_date = {August 2015},
 volume = {8},
 number = {12},
 month = aug,
 year = {2015},
 issn = {2150-8097},
 pages = {2024--2027},
 numpages = {4},
 doi = {10.14778/2824032.2824127},
 publisher = {VLDB Endowment},
}


@online{learnable,
  title={Learnable programming: Designing a programming system for understanding programs},
  author={Victor, Bret},
  url={http://worrydream.com/LearnableProgramming},
  year={2012},
  urldate={2020-01-31},
}
@inproceedings{tableau,
 author = {Wesley, Richard and Eldridge, Matthew and Terlecki, Pawel T.},
 title = {An Analytic Data Engine for Visualization in Tableau},
 booktitle = {Proceedings of the 2011 ACM SIGMOD International Conference on Management of Data},
 __editor={Sellis, Timos and Miller, Ren\'ee and Kementsietsidis, Anastasios and Velegrakis, Yannis},
 __series = {SIGMOD '11},
 year = {2011},
 isbn = {978-1-4503-0661-4},
 __location = {Athens, Greece},
 pages = {1185--1194},
 numpages = {10},
 doi = {10.1145/1989323.1989449},
 acmid = {1989449},
 publisher = {ACM},
}
@inproceedings{wrattler,
  author    = {Tomas Petricek and
               James Geddes and
               Charles A. Sutton},
  title     = {Wrattler: Reproducible, live and polyglot notebooks},
  booktitle = {10th {USENIX} Workshop on the Theory and Practice of Provenance, TaPP
               2018, London, UK, July 11-12, 2018.},
  editor={Herschel, Melanie},
  year      = {2018}
}
@article{ipython,
  title={IPython: a system for interactive scientific computing},
  author={P{\'e}rez, Fernando and Granger, Brian E},
  journal={Computing in Science \& Engineering},
  volume={9},
  number={3},
  year={2007},
  doi={10.1109/MCSE.2007.53},
  publisher={IEEE}
}
@inproceedings{liveroad,
 author = {Kubelka, Juraj and Robbes, Romain and Bergel, Alexandre},
 title = {The Road to Live Programming: Insights from the Practice},
 booktitle = {Proceedings of the 40th International Conference on Software Engineering},
 __editor={Zisman, Andrea and Apel, Sven},
 series = {ICSE '18},
 year = {2018},
 isbn = {978-1-4503-5638-1},
 location = {Gothenburg, Sweden},
 pages = {1090--1101},
 numpages = {12},
 __doi = {10.1145/3180155.3180200},
 acmid = {3180200},
 publisher = {ACM},
 address = {New York, NY, USA},
 keywords = {exploratory study, live programming, software evolution},
}

@inproceedings{exploratory,
  title={Exploring exploratory programming},
  author={Kery, Mary Beth and Myers, Brad A},
  booktitle={2017 IEEE Symposium on Visual Languages and Human-Centric Computing (VL/HCC)},
  editor={Henley, Austin and Rogers, Peter and Sarma, Anita},
  pages={25--29},
  doi={10.1109/VLHCC.2017.8103446},
  year={2017},
  organization={IEEE}
}

@inproceedings{variolite,
author = {Kery, Mary Beth and Horvath, Amber and Myers, Brad},
title = {Variolite: Supporting Exploratory Programming by Data Scientists},
year = {2017},
isbn = {9781450346559},
publisher = {ACM},
__address = {New York, NY, USA},
__doi = {10.1145/3025453.3025626},
booktitle = {Proceedings of the 2017 CHI Conference on Human Factors in Computing Systems},
__editor={Mark, Gloria and Fussell, Susan and Lampe, Cliff and Schraefel, Monica and Hourcade, Juan Pablo and Appert, Caroline and Wigdor, Daniel},
pages = {1265–1276},
numpages = {12},
keywords = {variations, exploratory data analysis, version control systems (vcs), end-user programming, variants},
location = {Denver, Colorado, USA},
__series = {CHI ’17}
}
@online{lighttable,
  title={LightTable: A new {IDE} concept},
  author={Granger, Chris},
  url={http://www.chris-granger.com/2012/04/12/light-table-a-new-ide-concept/},
  year={2012},
  urldate={2020-01-31},
}

@inproceedings{sketchnsketch,
  author    = {Brian Hempel and
               Justin Lubin and
               Ravi Chugh},
  __editor    = {Fran{\c{c}}ois Guimbreti{\`{e}}re and
               Michael Bernstein and
               Katharina Reinecke},
  title     = {Sketch-n-Sketch: Output-Directed Programming for {SVG}},
  booktitle = {Proceedings of the 32nd Annual {ACM} Symposium on User Interface Software and Technology, {UIST} '19},
  __booktitle = {Proceedings of the 32nd Annual {ACM} Symposium on User Interface Software and Technology, {UIST} 2019, New Orleans, LA, USA, October 20-23, 2019},
  pages     = {281--292},
  publisher = {{ACM}},
  year      = {2019},
  url       = {https://doi.org/10.1145/3332165.3347925},
  doi       = {10.1145/3332165.3347925},
  timestamp = {Mon, 21 Oct 2019 11:56:08 +0200},
  biburl    = {https://dblp.org/rec/conf/uist/HempelLC19.bib},
  bibsource = {dblp computer science bibliography, https://dblp.org}
}
@inproceedings{tea,
  author    = {Eunice Jun and
               Maureen Daum and
               Jared Roesch and
               Sarah Chasins and
               Emery Berger and
               Ren{\'{e}} Just and
               Katharina Reinecke},
  __editor    = {Fran{\c{c}}ois Guimbreti{\`{e}}re and
               Michael Bernstein and
               Katharina Reinecke},
  title     = {Tea: {A} High-level Language and Runtime System for Automating Statistical
               Analysis},
  booktitle = {Proceedings of the 32nd Annual {ACM} {UIST} Symposium 2019},
  __booktitle = {Proceedings of the 32nd Annual {ACM} Symposium on User Interface Software and Technology, {UIST} 2019, New Orleans, LA, USA, October 20-23, 2019},
  pages     = {591--603},
  publisher = {{ACM}},
  year      = {2019},
  __url       = {https://doi.org/10.1145/3332165.3347940},
  __doi       = {10.1145/3332165.3347940},
  timestamp = {Tue, 22 Oct 2019 09:20:51 +0200},
  biburl    = {https://dblp.org/rec/conf/uist/JunDRCBJR19.bib},
  bibsource = {dblp computer science bibliography, https://dblp.org}
}
@inproceedings{dsjs,
  author    = {Xiong Zhang and
               Philip J. Guo},
  __editor    = {Krzysztof Gajos and
               Jennifer Mankoff and
               Chris Harrison},
  title     = {DS.js: Turn Any Webpage into an Example-Centric Live Programming Environment
               for Learning Data Science},
  booktitle = {Proceedings of the 30th Annual {ACM} Symposium on User Interface Software and Technology, {UIST} '17},
  __booktitle = {Proceedings of the 30th Annual {ACM} Symposium on User Interface Software and Technology, {UIST} 2017, Quebec City, QC, Canada, October 22 - 25, 2017},
  pages     = {691--702},
  publisher = {{ACM}},
  year      = {2017},
  __url       = {https://doi.org/10.1145/3126594.3126663},
  __doi       = {10.1145/3126594.3126663},
  timestamp = {Thu, 12 Dec 2019 07:57:40 +0100},
  biburl    = {https://dblp.org/rec/conf/uist/ZhangG17.bib},
  bibsource = {dblp computer science bibliography, https://dblp.org}
}
@inproceedings{eviza,
  author    = {Vidya Setlur and
               Sarah E. Battersby and
               Melanie Tory and
               Rich Gossweiler and
               Angel X. Chang},
  __editor    = {Jun Rekimoto and
               Takeo Igarashi and
               Jacob O. Wobbrock and
               Daniel Avrahami},
  title     = {Eviza: {A} Natural Language Interface for Visual Analysis},
  booktitle = {Proceedings of the 29th Annual Symposium on User Interface Software and Technology, {UIST} '16},
  __booktitle = {Proceedings of the 29th Annual Symposium on User Interface Software and Technology, {UIST} 2016, Tokyo, Japan, October 16-19, 2016},
  pages     = {365--377},
  publisher = {{ACM}},
  year      = {2016},
  url       = {https://doi.org/10.1145/2984511.2984588},
  doi       = {10.1145/2984511.2984588},
  timestamp = {Tue, 06 Nov 2018 16:58:07 +0100},
  biburl    = {https://dblp.org/rec/conf/uist/SetlurBTGC16.bib},
  bibsource = {dblp computer science bibliography, https://dblp.org}
}
@article{vegalite,
  title={Vega-lite: A grammar of interactive graphics},
  author={Satyanarayan, Arvind and Moritz, Dominik and Wongsuphasawat, Kanit and Heer, Jeffrey},
  journal={IEEE transactions on visualization and computer graphics},
  volume={23},
  number={1},
  pages={341--350},
  year={2016},
  publisher={IEEE}
}

@inproceedings{interactionviz,
  author    = {Arvind Satyanarayan and
               Kanit Wongsuphasawat and
               Jeffrey Heer},
  __editor    = {Hrvoje Benko and
               Mira Dontcheva and
               Daniel Wigdor},
  title     = {Declarative interaction design for data visualization},
  booktitle = {The 27th Annual {ACM} Symposium on User Interface Software and Technology, {UIST} '14},
  __booktitle = {The 27th Annual {ACM} Symposium on User Interface Software and Technology, {UIST} '14, Honolulu, HI, USA, October 5-8, 2014},
  pages     = {669--678},
  publisher = {{ACM}},
  year      = {2014},
  url       = {https://doi.org/10.1145/2642918.2647360},
  doi       = {10.1145/2642918.2647360},
  timestamp = {Tue, 06 Nov 2018 16:58:06 +0100},
  biburl    = {https://dblp.org/rec/conf/uist/SatyanarayanWH14.bib},
  bibsource = {dblp computer science bibliography, https://dblp.org}
}
@book{smallmatter,
  title={A small matter of programming: perspectives on end user computing},
  author={Nardi, Bonnie A},
  year={1993},
  publisher={MIT press}
}
@inproceedings{enduser,
  author    = {Brad A. Myers and
               A. J. Ko and
               Margaret M. Burnett},
  __editor    = {Gary M. Olson and
               Robin Jeffries},
  title     = {Invited research overview: end-user programming},
  booktitle = {Extended Abstracts Proceedings of the 2006 Conference on Human Factors in Computing Systems, {CHI} '06},
  __booktitle = {Extended Abstracts Proceedings of the 2006 Conference on Human Factors in Computing Systems, {CHI} 2006, Montr{\'{e}}al, Qu{\'{e}}bec, Canada, April 22-27, 2006},
  pages     = {75--80},
  publisher = {{ACM}},
  year      = {2006},
  url       = {https://doi.org/10.1145/1125451.1125472},
  doi       = {10.1145/1125451.1125472},
  timestamp = {Tue, 24 Sep 2019 14:33:43 +0200},
  biburl    = {https://dblp.org/rec/conf/chi/MyersKB06.bib},
  bibsource = {dblp computer science bibliography, https://dblp.org}
}
@inproceedings{messes,
  author    = {Andrew Head and
               Fred Hohman and
               Titus Barik and
               Steven Mark Drucker and
               Robert DeLine},
  editor    = {Stephen A. Brewster and
               Geraldine Fitzpatrick and
               Anna L. Cox and
               Vassilis Kostakos},
  title     = {Managing Messes in Computational Notebooks},
  booktitle = {Proceedings of the 2019 {CHI} Conference on Human Factors in Computing
               Systems, {CHI} 2019, Glasgow, Scotland, UK, May 04-09, 2019},
  pages     = {270},
  publisher = {{ACM}},
  year      = {2019},
  url       = {https://doi.org/10.1145/3290605.3300500},
  doi       = {10.1145/3290605.3300500},
  timestamp = {Fri, 24 Jan 2020 16:59:38 +0100},
  biburl    = {https://dblp.org/rec/conf/chi/HeadHBDD19.bib},
  bibsource = {dblp computer science bibliography, https://dblp.org}
}
@inproceedings{flashextract,
  title={FlashExtract: a framework for data extraction by examples},
  author={Le, Vu and Gulwani, Sumit},
  booktitle={Proceedings of the 35th ACM SIGPLAN Conference on Programming Language Design and Implementation},
  pages={542--553},
  year={2014}
}

@article{spreadsheetpbe,
  title={Spreadsheet data manipulation using examples},
  author={Gulwani, Sumit and Harris, William R and Singh, Rishabh},
  journal={Communications of the ACM},
  volume={55},
  number={8},
  pages={97--105},
  year={2012},
  publisher={ACM New York, NY, USA}
}
@inproceedings{lyra,
  title={Lyra: An interactive visualization design environment},
  author={Satyanarayan, Arvind and Heer, Jeffrey},
  booktitle={Computer Graphics Forum},
  volume={33},
  number={3},
  pages={351--360},
  year={2014},
  __organization={Wiley Online Library}
}
@inproceedings{predictive,
  title={Predictive Interaction for Data Transformation},
  author={Heer, Jeffrey and Hellerstein, Joseph M and Kandel, Sean},
  booktitle={CIDR},
  year={2015}
}
@inproceedings{proactive,
  title={Proactive wrangling: Mixed-initiative end-user programming of data transformation scripts},
  author={Guo, Philip J and Kandel, Sean and Hellerstein, Joseph M and Heer, Jeffrey},
  booktitle={Proceedings of the 24th annual ACM symposium on User interface software and technology},
  pages={65--74},
  year={2011}
}
@book{byexample,
  title={Your wish is my command: Programming by example},
  author={Lieberman, Henry},
  year={2001},
  publisher={Morgan Kaufmann}
}

@book{watch,
  title={Watch what I do: programming by demonstration},
  author={Cypher, Allen and Halbert, Daniel Conrad},
  year={1993},
  publisher={MIT press}
}
@inproceedings{potter,
  title={Potter's wheel: An interactive data cleaning system},
  author={Raman, Vijayshankar and Hellerstein, Joseph M},
  booktitle={VLDB},
  volume={1},
  pages={381--390},
  year={2001}
}
@inproceedings{dasher,
  author    = {David J. Ward and
               Alan F. Blackwell and
               David J. C. MacKay},
  __editor    = {Mark S. Ackerman and
               W. Keith Edwards},
  title     = {Dasher - a data entry interface using continuous gestures and language
               models},
  booktitle = {Proceedings of the 13th Annual {ACM} Symposium on User Interface Software and Technology, {UIST} '00},
  __booktitle = {Proceedings of the 13th Annual {ACM} Symposium on User Interface Software and Technology, {UIST} 2000, San Diego, California, USA, November 6-8, 2000},
  pages     = {129--137},
  publisher = {{ACM}},
  year      = {2000},
  __url       = {https://doi.org/10.1145/354401.354427},
  __doi       = {10.1145/354401.354427},
  timestamp = {Wed, 14 Nov 2018 10:52:02 +0100},
  biburl    = {https://dblp.org/rec/conf/uist/WardBM00.bib},
  bibsource = {dblp computer science bibliography, https://dblp.org}
}
@inproceedings{visage,
  author    = {Mark Derthick and
               John Kolojejchick and
               Steven F. Roth},
  __editor    = {George G. Robertson and
               Chris Schmandt},
  title     = {An Interactive Visual Query Environment for Exploring Data},
  booktitle = {Proceedings of the 10th Annual {ACM} Symposium on User Interface Software and Technology, {UIST} '97},
  __booktitle = {Proceedings of the 10th Annual {ACM} Symposium on User Interface Software and Technology, {UIST} 1997, Banff, Alberta, Canada, October 14-17, 1997},
  pages     = {189--198},
  publisher = {{ACM}},
  year      = {1997},
  url       = {https://doi.org/10.1145/263407.263545},
  doi       = {10.1145/263407.263545},
  timestamp = {Tue, 06 Nov 2018 16:58:07 +0100},
  biburl    = {https://dblp.org/rec/conf/uist/DerthickKR97.bib},
  bibsource = {dblp computer science bibliography, https://dblp.org}
}

@inproceedings{dynamicq,
  author    = {Ben Shneiderman and
               Christopher Williamson and
               Christopher Ahlberg},
  __editor    = {Penny Bauersfeld and
               John Bennett and
               Gene Lynch},
  title     = {Dynamic Queries: Database Searching by Direct Manipulation},
  booktitle = {Conference on Human Factors in Computing Systems, {CHI} '92},
  __booktitle = {Conference on Human Factors in Computing Systems, {CHI} 1992, Monterey, CA, USA, May 3-7, 1992, Proceedings},
  pages     = {669--670},
  publisher = {{ACM}},
  year      = {1992},
  url       = {https://doi.org/10.1145/142750.143082},
  doi       = {10.1145/142750.143082},
  timestamp = {Tue, 06 Nov 2018 16:58:49 +0100},
  biburl    = {https://dblp.org/rec/conf/chi/ShneidermanWA92.bib},
  bibsource = {dblp computer science bibliography, https://dblp.org}
}
@inproceedings{dataplay,
  author    = {Azza Abouzied and
               Joseph M. Hellerstein and
               Avi Silberschatz},
  __editor    = {Rob Miller and
               Hrvoje Benko and
               Celine Latulipe},
  title     = {DataPlay: interactive tweaking and example-driven correction of graphical
               database queries},
  booktitle = {The 25th Annual {ACM} Symposium on User Interface Software and Technology, {UIST} '12},
  __booktitle = {The 25th Annual {ACM} Symposium on User Interface Software and Technology, {UIST} '12, Cambridge, MA, USA, October 7-10, 2012},
  pages     = {207--218},
  publisher = {{ACM}},
  year      = {2012},
  __url       = {https://doi.org/10.1145/2380116.2380144},
  __doi       = {10.1145/2380116.2380144},
  timestamp = {Tue, 06 Nov 2018 16:58:06 +0100},
  biburl    = {https://dblp.org/rec/conf/uist/AbouziedHS12.bib},
  bibsource = {dblp computer science bibliography, https://dblp.org}
}


@inproceedings{codemend,
  author    = {Xin Rong and
               Shiyan Yan and
               Stephen Oney and
               Mira Dontcheva and
               Eytan Adar},
  __editor    = {Jun Rekimoto and
               Takeo Igarashi and
               Jacob O. Wobbrock and
               Daniel Avrahami},
  title     = {CodeMend: Assisting Interactive Programming with Bimodal Embedding},
  booktitle = {Proceedings of the 29th Annual Symposium on User Interface Software and Technology, {UIST} '16},
  __booktitle = {Proceedings of the 29th Annual Symposium on User Interface Software and Technology, {UIST} 2016, Tokyo, Japan, October 16-19, 2016},
  pages     = {247--258},
  publisher = {{ACM}},
  year      = {2016},
  __url       = {https://doi.org/10.1145/2984511.2984544},
  __doi       = {10.1145/2984511.2984544},
  timestamp = {Tue, 06 Nov 2018 16:58:07 +0100},
  biburl    = {https://dblp.org/rec/conf/uist/RongYODA16.bib},
  bibsource = {dblp computer science bibliography, https://dblp.org}
}
@inproceedings{vlang,
  author    = {Ivan Bretan and
               Robert Nilsson and
               Kent Saxin Hammarstrom},
  editor    = {Catherine Plaisant},
  title     = {{V:} a visual query language for a multimodal environment},
  booktitle = {Conference on Human Factors in Computing Systems, {CHI} '94},
  __booktitle = {Conference on Human Factors in Computing Systems, {CHI} 1994, Boston, Massachusetts, USA, April 24-28, 1994, Conference Companion},
  pages     = {145--147},
  publisher = {{ACM}},
  year      = {1994},
  url       = {https://doi.org/10.1145/259963.260174},
  doi       = {10.1145/259963.260174},
  timestamp = {Tue, 06 Nov 2018 16:58:48 +0100},
  biburl    = {https://dblp.org/rec/conf/chi/BretanNH94.bib},
  bibsource = {dblp computer science bibliography, https://dblp.org}
}
@article{direct,
  title={Direct manipulation interfaces},
  author={Hutchins, Edwin L and Hollan, James D and Norman, Donald A},
  journal={Human--Computer Interaction},
  volume={1},
  number={4},
  pages={311--338},
  year={1985},
  publisher={Taylor \& Francis}
}
@inproceedings{provenance,
  author    = {James Cheney and
               Stephen Chong and
               Nate Foster and
               Margo I. Seltzer and
               Stijn Vansummeren},
  __editor    = {Shail Arora and
               Gary T. Leavens},
  title     = {Provenance: a future history},
  __booktitle = {Companion to the 24th Annual {ACM} {SIGPLAN} Conference on Object-Oriented Programming, Systems, Languages, and Applications, {OOPSLA} 2009, October 25-29, 2009, Orlando, Florida, {USA}},
  booktitle = {Companion to the 24th Annual {ACM} {SIGPLAN} Conference on Object-Oriented Programming, Systems, Languages, and Applications, {OOPSLA} '09},
  pages     = {957--964},
  publisher = {{ACM}},
  year      = {2009},
  __url       = {https://doi.org/10.1145/1639950.1640064},
  __doi       = {10.1145/1639950.1640064},
  timestamp = {Tue, 06 Nov 2018 16:57:15 +0100},
  biburl    = {https://dblp.org/rec/conf/oopsla/CheneyCFSV09.bib},
  bibsource = {dblp computer science bibliography, https://dblp.org}
}

@inproceedings{guess,
  author    = {Eytan Adar},
  __editor    = {Rebecca E. Grinter and
               Tom Rodden and
               Paul M. Aoki and
               Edward Cutrell and
               Robin Jeffries and
               Gary M. Olson},
  title     = {{GUESS:} a language and interface for graph exploration},
  booktitle = {Proceedings of the 2006 Conference on Human Factors in Computing Systems, {CHI} 2006},
  __booktitle = {Proceedings of the 2006 Conference on Human Factors in Computing Systems, {CHI} 2006, Montr{\'{e}}al, Qu{\'{e}}bec, Canada, April 22-27, 2006},
  pages     = {791--800},
  publisher = {{ACM}},
  year      = {2006},
  url       = {https://doi.org/10.1145/1124772.1124889},
  doi       = {10.1145/1124772.1124889},
  timestamp = {Tue, 06 Nov 2018 16:58:48 +0100},
  biburl    = {https://dblp.org/rec/conf/chi/Adar06.bib},
  bibsource = {dblp computer science bibliography, https://dblp.org}
}


@inproceedings{iris,
  author    = {Ethan Fast and
               Binbin Chen and
               Julia Mendelsohn and
               Jonathan Bassen and
               Michael S. Bernstein},
  _editor    = {Regan L. Mandryk and
               Mark Hancock and
               Mark Perry and
               Anna L. Cox},
  title     = {Iris: {A} Conversational Agent for Complex Tasks},
  booktitle = {Proceedings of the 2018 {CHI} Conference on Human Factors in Computing Systems, {CHI} 2018, Montreal, QC, Canada, April 21-26, 2018},
  __booktitle = {Proceedings of the 2018 {CHI} Conference on Human Factors in Computing Systems, {CHI} '18},
  pages     = {473},
  publisher = {{ACM}},
  year      = {2018},
  __url       = {https://doi.org/10.1145/3173574.3174047},
  __doi       = {10.1145/3173574.3174047},
  timestamp = {Wed, 21 Nov 2018 12:44:23 +0100},
  biburl    = {https://dblp.org/rec/conf/chi/FastCMBB18.bib},
  bibsource = {dblp computer science bibliography, https://dblp.org}
}

@inproceedings{dsjs,
  author    = {Xiong Zhang and
               Philip J. Guo},
  editor    = {Krzysztof Gajos and
               Jennifer Mankoff and
               Chris Harrison},
  title     = {DS.js: Turn Any Webpage into an Example-Centric Live Programming Environment
               for Learning Data Science},
  booktitle = {Proceedings of the 30th Annual {ACM} Symposium on User Interface Software
               and Technology, {UIST} 2017, Quebec City, QC, Canada, October 22 -
               25, 2017},
  pages     = {691--702},
  publisher = {{ACM}},
  year      = {2017},
  url       = {https://doi.org/10.1145/3126594.3126663},
  doi       = {10.1145/3126594.3126663},
  timestamp = {Thu, 12 Dec 2019 07:57:40 +0100},
  biburl    = {https://dblp.org/rec/conf/uist/ZhangG17.bib},
  bibsource = {dblp computer science bibliography, https://dblp.org}
}
@online{powerbi,
  title={Microsoft Power BI},
  author={{Microsoft Corporation}},
  url={https://powerbi.microsoft.com/en-us/},
  urldate={2020-09-10},
  year={2020}
}

@online{monaco,
  title={Monaco Editor},
  author={{Microsoft Corporation}},
  url={https://microsoft.github.io/monaco-editor/},
  urldate={2021-03-22},
  year={2021}
}

@online{phelps,
  title={If Michael Phelps Were A Country, Where Would His Gold Medal Tally Rank?},
  author={Greg Myre},
  url={https://www.npr.org/sections/thetorch/2016/08/14/489832779/},
  urldate={2021-03-22},
  year={2021}
}
@online{lords,
  title={Members' allowances and expenses},
  author={{UK Parliment}},
  url={https://www.parliament.uk/mps-lords-and-offices/members-allowances/house-of-lords/holallowances/},
  urldate={2021-03-22},
  year={2021}
}

@inproceedings{mlcomplete,
  author    = {Marcel Bruch and
               Martin Monperrus and
               Mira Mezini},
  __editor    = {Hans van Vliet and
               Val{\'{e}}rie Issarny},
  title     = {Learning from examples to improve code completion systems},
  booktitle = {Proceedings of the 7th joint meeting of the European Software Engineering Conference and the {ACM} International Symposium on Foundations of Software Engineering},
  __booktitle = {Proceedings of the 7th joint meeting of the European Software Engineering Conference and the {ACM} {SIGSOFT} International Symposium on Foundations of Software Engineering, 2009, Amsterdam, The Netherlands, August 24-28, 2009},
  __pages     = {213--222},
  publisher = {{ACM}},
  year      = {2009},
  __url       = {https://doi.org/10.1145/1595696.1595728},
  __doi       = {10.1145/1595696.1595728},
  timestamp = {Sun, 02 Jun 2019 21:26:16 +0200},
  biburl    = {https://dblp.org/rec/conf/sigsoft/BruchMM09.bib},
  bibsource = {dblp computer science bibliography, https://dblp.org}
}

@inproceedings{statcomplete,
  author    = {Veselin Raychev and
               Martin T. Vechev and
               Eran Yahav},
  __editor    = {Michael F. P. O'Boyle and
               Keshav Pingali},
  title     = {Code completion with statistical language models},
  booktitle = {{ACM} {SIGPLAN} Conference on Programming Language Design and Implementation, {PLDI} '14},
  __booktitle = {{ACM} {SIGPLAN} Conference on Programming Language Design and Implementation, {PLDI} '14, Edinburgh, United Kingdom - June 09 - 11, 2014},
  pages     = {419--428},
  publisher = {{ACM}},
  year      = {2014},
  url       = {https://doi.org/10.1145/2594291.2594321},
  doi       = {10.1145/2594291.2594321},
  timestamp = {Tue, 06 Nov 2018 16:59:30 +0100},
  biburl    = {https://dblp.org/rec/conf/pldi/RaychevVY14.bib},
  bibsource = {dblp computer science bibliography, https://dblp.org}
}
@inproceedings{pythia,
  author    = {Alexey Svyatkovskiy and
               Ying Zhao and
               Shengyu Fu and
               Neel Sundaresan},
  __editor    = {Ankur Teredesai and
               Vipin Kumar and
               Ying Li and
               R{\'{o}}mer Rosales and
               Evimaria Terzi and
               George Karypis},
  title     = {Pythia: AI-assisted Code Completion System},
  booktitle = {Proceedings of the 25th {ACM} {SIGKDD} International Conference on Knowledge Discovery {\&} Data Mining, {KDD} '19},
  __booktitle = {Proceedings of the 25th {ACM} {SIGKDD} International Conference on Knowledge Discovery {\&} Data Mining, {KDD} 2019, Anchorage, AK, USA, August 4-8, 2019},
  pages     = {2727--2735},
  publisher = {{ACM}},
  year      = {2019},
  url       = {https://doi.org/10.1145/3292500.3330699},
  doi       = {10.1145/3292500.3330699},
  timestamp = {Sun, 28 Jul 2019 15:40:22 +0200},
  biburl    = {https://dblp.org/rec/conf/kdd/SvyatkovskiyZFS19.bib},
  bibsource = {dblp computer science bibliography, https://dblp.org}
}
@inproceedings{octopocus,
  author    = {Olivier Bau and
               Wendy E. Mackay},
  __editor    = {Steve B. Cousins and
               Michel Beaudouin{-}Lafon},
  title     = {OctoPocus: a dynamic guide for learning gesture-based command sets},
  booktitle = {Proceedings of the 21st Annual {ACM} Symposium on User Interface Software and Technology},
  __booktitle = {Proceedings of the 21st Annual {ACM} Symposium on User Interface Software and Technology, Monterey, CA, USA, October 19-22, 2008},
  pages     = {37--46},
  publisher = {{ACM}},
  year      = {2008},
  url       = {https://doi.org/10.1145/1449715.1449724},
  doi       = {10.1145/1449715.1449724},
  timestamp = {Tue, 06 Nov 2018 16:58:07 +0100},
  biburl    = {https://dblp.org/rec/conf/uist/BauM08.bib},
  bibsource = {dblp computer science bibliography, https://dblp.org}
}
